<?xml version="1.0" encoding="UTF-8"?><collection xmlns="http://www.loc.gov/MARC21/slim"><record><leader>00715nam--2200217-u-4500</leader><controlfield tag="001">000050939</controlfield><controlfield tag="002">20161230</controlfield><controlfield tag="005">20161230201049</controlfield><controlfield tag="008">080424s1000------------r-----000-0-eng-d</controlfield><datafield ind1=" " ind2=" " tag="020"><subfield code="a">9971-50-556-8</subfield></datafield><datafield ind1=" " ind2=" " tag="040"><subfield code="a">IFIN-HH</subfield></datafield><datafield ind1=" " ind2=" " tag="080"><subfield code="a">574:51</subfield></datafield><datafield ind1="1" ind2="0" tag="100"><subfield code="a">Hallam, T. G.; Gross, L. J. ; Levin, S. A. (Eds.)</subfield></datafield><datafield ind1="1" ind2="0" tag="245"><subfield code="a">Mathematical Ecology: Proccedingsof the Autumn Course Reserarch Seminars: International Centre for Theoretical Physics Miramare - Tireste, Italy, November 24 - December 12, 1986</subfield></datafield><datafield ind1=" " ind2=" " tag="260"><subfield code="a">Singapore</subfield><subfield code="b">World Scientific</subfield><subfield code="c">1988</subfield></datafield><datafield ind1=" " ind2=" " tag="300"><subfield code="a">779 p</subfield></datafield><datafield ind1=" " ind2="4" tag="650"><subfield code="a">Mathematical Ecology</subfield></datafield><datafield ind1="1" ind2=" " tag="700"><subfield code="a">T.G. Hallam</subfield></datafield><datafield ind1=" " ind2=" " tag="700"><subfield code="a">S. A. Levin</subfield></datafield><datafield ind1=" " ind2=" " tag="852"><subfield code="a">79647</subfield><subfield code="c">51</subfield></datafield><datafield ind1=" " ind2=" " tag="CAT"><subfield code="a">Sys</subfield><subfield code="c">20080424</subfield><subfield code="h">091346</subfield></datafield></record></collection>